<?xml version="1.0" encoding="UTF-8"?><collection xmlns="http://www.loc.gov/MARC21/slim"><record><leader>00564nam--2200193-i-4500</leader><controlfield tag="001">000016481</controlfield><controlfield tag="002">20161230</controlfield><controlfield tag="005">20161230201031</controlfield><controlfield tag="008">060222s1000------------r-----000-0-rum-d</controlfield><datafield ind1=" " ind2=" " tag="040"><subfield code="a">IFIN-HH</subfield></datafield><datafield ind1=" " ind2=" " tag="041"><subfield code="a">rum</subfield></datafield><datafield ind1=" " ind2=" " tag="080"><subfield code="a">631.41:546</subfield></datafield><datafield ind1="1" ind2=" " tag="100"><subfield code="a">Csaba, Forgo</subfield></datafield><datafield ind1="1" ind2="0" tag="245"><subfield code="a">Modelarea distributiei radiocesiului in sol. calculul dozei telurice</subfield><subfield code="b">Teza</subfield><subfield code="c">Forgo csaba</subfield></datafield><datafield ind1=" " ind2=" " tag="260"><subfield code="a">Bucuresti</subfield><subfield code="b">Institutul De Fizica Atomica</subfield><subfield code="c">1995</subfield></datafield><datafield ind1=" " ind2=" " tag="300"><subfield code="a">90p</subfield></datafield><datafield ind1=" " ind2=" " tag="502"><subfield code="a">Conducator Stiintific: Prof. Dr. Mircea Oncescu</subfield></datafield><datafield ind1=" " ind2=" " tag="852"><subfield code="a">80335</subfield><subfield code="c">546</subfield></datafield><datafield ind1=" " ind2=" " tag="CAT"><subfield code="a">Sys</subfield><subfield code="c">20110406</subfield><subfield code="h">142031</subfield></datafield></record></collection>